@article{jarke1984,
  title={Query optimization in database systems},
  author={Jarke, Matthias and Koch, Jurgen},
  journal={ACM Computing surveys (CsUR)},
  volume={16},
  number={2},
  pages={111--152},
  year={1984},
  publisher={ACM}
}

@inproceedings{chaudhuri1998,
  title={An overview of query optimization in relational systems},
  author={Chaudhuri, Surajit},
  booktitle={Proceedings of the seventeenth ACM SIGACT-SIGMOD-SIGART symposium on Principles of database systems},
  pages={34--43},
  year={1998},
  organization={ACM}
}

@book{teorey1982design,
  title={Design of database structures},
  author={Teorey, Toby J and Fry, James P},
  year={1982},
  publisher={Prentice Hall Professional Technical Reference}
}

@inproceedings{ioannidis1991left,
  title={Left-deep vs. bushy trees: An analysis of strategy spaces and its implications for query optimization},
  author={Ioannidis, Yannis E and Kang, Younkyung Cha},
  booktitle={ACM SIGMOD Record},
  volume={20},
  number={2},
  pages={168--177},
  year={1991},
  organization={ACM}
}

@inproceedings{nahar1986simulated,
  title={Simulated annealing and combinatorial optimization},
  author={Nahar, Surendra and Sahni, Sartaj and Shragowitz, Eugene},
  booktitle={proceedings of the 23rd ACM/IEEE Design Automation Conference},
  pages={293--299},
  year={1986},
  organization={IEEE Press}
}

@article{kim1982optimizing,
  title={On optimizing an SQL-like nested query},
  author={Kim, Won},
  journal={ACM Transactions on Database Systems (TODS)},
  volume={7},
  number={3},
  pages={443--469},
  year={1982},
  publisher={ACM}
}

@inproceedings{levy1994query,
  title={Query optimization by predicate move-around},
  author={Levy, Alon Y and Singh Mumick, I and Sagiv, Yehoshua},
  booktitle={PROCEEDINGS OF THE INTERNATIONAL CONFERENCE ON VERY LARGE DATA BASES},
  pages={96--96},
  year={1994},
  organization={INSTITUTE OF ELECTRICAL \& ELECTRONICS ENGINEERS (IEEE)}
}

@article{ibaraki1984optimal,
  title={On the optimal nesting order for computing N-relational joins},
  author={Ibaraki, Toshihide and Kameda, Tiko},
  journal={ACM Transactions on Database Systems (TODS)},
  volume={9},
  number={3},
  pages={482--502},
  year={1984},
  publisher={ACM}
}

@book{bennett1991genetic,
  title={A genetic algorithm for database query optimization},
  author={Bennett, Kristin and Ferris, Michael C and Ioannidis, Yannis E},
  year={1991},
  publisher={Computer Sciences Department, University of Wisconsin, Center for Parallel Optimization}
}

@inproceedings{bruno2002exploiting,
  title={Exploiting statistics on query expressions for optimization},
  author={Bruno, Nicolas and Chaudhuri, Surajit},
  booktitle={Proceedings of the 2002 ACM SIGMOD international conference on Management of data},
  pages={263--274},
  year={2002},
  organization={ACM}
}

@article{kooi1980optimization,
  title={The optimization of queries in relational databases},
  author={Kooi, Robert Philip},
  year={1980},
  publisher={Case Western Reserve University}
}

@book{lohman1988grammar,
  title={Grammar-like functional rules for representing query optimization alternatives},
  author={Lohman, Guy M},
  volume={17},
  number={3},
  year={1988},
  publisher={ACM}
}

@inproceedings{pirahesh1992extensible,
  title={Extensible/rule based query rewrite optimization in Starburst},
  author={Pirahesh, Hamid and Hellerstein, Joseph M and Hasan, Waqar},
  booktitle={International Conference on Management of Data: Proceedings of the 1992 ACM SIGMOD international conference on Management of data},
  volume={2},
  number={05},
  pages={39--48},
  year={1992}
}

@article{mannino1988statistical,
  title={Statistical profile estimation in database systems},
  author={Mannino, Michael V and Chu, Paicheng and Sager, Thomas},
  journal={ACM Computing Surveys (CSUR)},
  volume={20},
  number={3},
  pages={191--221},
  year={1988},
  publisher={ACM}
}

@inproceedings{ono1990,
  title={Measuring the complexity of join enumeration in query optimization},
  author={Ono, Kiyoshi and Lohman, Guy M},
  booktitle={Proceedings of the 16th International Conference on Very Large Data Bases},
  pages={314--325},
  year={1990},
  organization={Morgan Kaufmann Publishers Inc.}
}

@article{ioannidis1996query,
  title={Query optimization},
  author={Ioannidis, Yannis E},
  journal={ACM Computing Surveys (CSUR)},
  volume={28},
  number={1},
  pages={121--123},
  year={1996},
  publisher={ACM}
}

@book{freytag1987rule,
  title={A rule-based view of query optimization},
  author={Freytag, Johann Christoph},
  volume={16},
  number={3},
  year={1987},
  publisher={ACM}
}

@inproceedings{selinger1979access,
  title={Access path selection in a relational database management system},
  author={Selinger, P Griffiths and Astrahan, Morton M and Chamberlin, Donald D and Lorie, Raymond A and Price, Thomas G},
  booktitle={Proceedings of the 1979 ACM SIGMOD international conference on Management of data},
  pages={23--34},
  year={1979},
  organization={ACM}
}

@article{graefe1993query,
  title={Query evaluation techniques for large databases},
  author={Graefe, Goetz},
  journal={ACM Computing Surveys (CSUR)},
  volume={25},
  number={2},
  pages={73--169},
  year={1993},
  publisher={ACM}
}

@article{astrahan1976system,
  title={System R: relational approach to database management},
  author={Astrahan, Morton M. and Blasgen, Mike W. and Chamberlin, Donald D. and Eswaran, Kapali P. and Gray, JN and Griffiths, Patricia P. and King, W Frank and Lorie, Raymond A. and McJones, Paul R. and Mehl, James W. and others},
  journal={ACM Transactions on Database Systems (TODS)},
  volume={1},
  number={2},
  pages={97--137},
  year={1976},
  publisher={ACM}
}

@ARTICLE{5391051, 
author={Chamberlin, D.D. and Astrahan, M.M. and Eswaran, K.P. and Griffiths, P. P. and Lorie, R.A. and Mehl, J. W. and Reisner, P. and Wade, B.W.}, 
journal={IBM Journal of Research and Development}, title={SEQUEL 2: A Unified Approach to Data Definition, Manipulation, and Control}, 
year={1976}, 
volume={20}, 
number={6}, 
pages={560-575}, 
doi={10.1147/rd.206.0560}, 
ISSN={0018-8646},}

@article{chu1999least,
  title={Least expected cost query optimization: An exercise in utility},
  author={Chu, Francis C and Halpern, Joseph Y and Seshadri, Praveen},
  journal={arXiv preprint cs/9909016},
  year={1999}
}

@article{aho1979,
 author = {Aho, A. V. and Beeri, C. and Ullman, J. D.},
 title = {The theory of joins in relational databases},
 journal = {ACM Trans. Database Syst.},
 issue_date = {Sept. 1979},
 volume = {4},
 number = {3},
 month = sep,
 year = {1979},
 issn = {0362-5915},
 pages = {297--314},
 numpages = {18},
 url = {http://doi.acm.org/10.1145/320083.320091},
 doi = {10.1145/320083.320091},
 acmid = {320091},
 publisher = {ACM},
 address = {New York, NY, USA},
 keywords = {decompositon of database schemes, functional dependenies, lossless join, multivalued dependencies, natural join, projection of dependencies, relational databases},
}

@article{codd1970relational,
  title={A relational model of data for large shared data banks},
  author={Codd, Edgar F},
  journal={Communications of the ACM},
  volume={13},
  number={6},
  pages={377--387},
  year={1970},
  publisher={ACM}
} 

@ONLINE{oracle2005doc,
author = {Oracle}, 
year = {2005},
month = sep,
url = {http://www.oracle.com/technetwork/database/focus-areas/manageability/ps-s003-274003-106-1-fin-v2-128827.pdf},
title = {Understanding Shared Pool Memory Structures},
}

@inproceedings{dalvi2001pipelining,
  title={Pipelining in multi-query optimization},
  author={Dalvi, Nilesh N and Sanghai, Sumit K and Roy, Prasan and Sudarshan, S},
  booktitle={Proceedings of the twentieth ACM SIGMOD-SIGACT-SIGART symposium on Principles of database systems},
  pages={59--70},
  year={2001},
  organization={ACM}
}

@article{cole1994,
 author = {Cole, Richard L. and Graefe, Goetz},
 title = {Optimization of dynamic query evaluation plans},
 journal = {SIGMOD Rec.},
 issue_date = {June 1994},
 volume = {23},
 number = {2},
 month = {may},
 year = {1994},
 issn = {0163-5808},
 pages = {150--160},
 numpages = {11},
 url = {http://doi.acm.org/10.1145/191843.191872},
 doi = {10.1145/191843.191872},
 acmid = {191872},
 publisher = {ACM},
 address = {New York, NY, USA},
} 

@ONLINE{oracle2009doc,
author = {Oracle},
title = {Oracle Database Online Documentation 11g Release 1},
year = {2009},
url = {http://docs.oracle.com/cd/B28359_01/server.111/b28318/sqlplsql.htm},
}

@ONLINE{oracle2013refman,
author = {Oracle},
title = {MySQL 5.0 Reference Manual},
year = {2013},
url = {http://docs.oracle.com/cd/E17952_01/refman-5.0-en/controlling-optimizer.html},
}

@inproceedings{mahajan2012, 
author={Mahajan, S.M. and Jadhav, V.P.}, 
booktitle={Communication, Information Computing Technology (ICCICT), 2012 International Conference on}, title={An analysis of execution plans in query optimization}, 
year={2012}, 
pages={1-5}, 
keywords={query processing;execution plan analysis;query execution cost minimization;query optimization;query processor;source table access;Computers;Educational institutions;Indexes;Query processing;Syntactics;Execution plan;index selection;join selection;query analysis}, 
doi={10.1109/ICCICT.2012.6398216},
}

@article{mor2012,
  title={Analysis of Query Optimization Techniques in Databases},
  author={Mor, Jyoti and Kashyap, Indu and Rathy, RK},
  journal={International Journal},
  volume={47},
  year={2012}
}

@book{ramakrishnan2003database,
  title={Database Management Systems},
  author={Ramakrishnan, R. and Gehrke, J.},
  isbn={9780072465631},
  lccn={99037109},
  series={McGraw-Hill international editions: Computer science series},
  year={2003},
  publisher={McGraw-Hill Education}
}


